<collection xmlns="http://www.loc.gov/MARC21/slim">
<record>
  <leader>01500nam0a22002771i 450 </leader>
  <controlfield tag="001">IT\ICCU\CNCE\071458</controlfield>
  <controlfield tag="005">20130402000000.0</controlfield>
  <datafield tag="012" ind1=" " ind2=" ">
    <subfield code="a">erle inhe o.r- cich (3) 1565 (A)</subfield>
    <subfield code="2">fei</subfield>
  </datafield>
  <datafield tag="100" ind1=" " ind2=" ">
    <subfield code="a">20070726d1565        0itac0103    ba</subfield>
  </datafield>
  <datafield tag="101" ind1=" " ind2=" ">
    <subfield code="a">ITA</subfield>
  </datafield>
  <datafield tag="102" ind1=" " ind2=" ">
    <subfield code="a">IT</subfield>
  </datafield>
  <datafield tag="200" ind1="1" ind2=" ">
    <subfield code="a">Libro di tentoria intitolato Plicto, che che \!! insegna a tenger panni, tele, bambasi, &amp; sede, si per l&apos;arte maggiore come per la comune. Aggiuntoui alcuni bellissimi secreti. Nuouamente stampato &amp; corretto</subfield>
  </datafield>
  <datafield tag="210" ind1=" " ind2=" ">
    <subfield code="a">In Venetia</subfield>
    <subfield code="c">appresso Lelio Bariletto</subfield>
    <subfield code="d">1565</subfield>
    <subfield code="e">In Venetia</subfield>
    <subfield code="g">appresso Lelio Bariletto</subfield>
    <subfield code="h">1565</subfield>
  </datafield>
  <datafield tag="215" ind1=" " ind2=" ">
    <subfield code="a">75, \5! c.</subfield>
    <subfield code="d">8ʻ</subfield>
  </datafield>
  <datafield tag="620" ind1=" " ind2=" ">
    <subfield code="a">IT</subfield>
    <subfield code="d">Venezia</subfield>
  </datafield>
  <datafield tag="700" ind1=" " ind2="1">
    <subfield code="a">Rosetti,</subfield>
    <subfield code="b">Giovanventura</subfield>
    <subfield code="3">IT\ICCU\CNCA\009767</subfield>
  </datafield>
  <datafield tag="712" ind1="0" ind2="0">
    <subfield code="a">Bariletti, Lelio</subfield>
    <subfield code="3">IT\ICCU\CNCT\002156</subfield>
    <subfield code="4">650</subfield>
  </datafield>
  <datafield tag="790" ind1=" " ind2="1">
    <subfield code="a">Roseto,</subfield>
    <subfield code="b">Giovanni Ventura</subfield>
    <subfield code="3">IT\ICCU\CNCA\023689</subfield>
    <subfield code="z">Rosetti, Giovanventura</subfield>
  </datafield>
  <datafield tag="791" ind1="0" ind2="0">
    <subfield code="a">Bariletto, Lelio</subfield>
    <subfield code="3">IT\ICCU\CNCT\004298</subfield>
    <subfield code="z">Bariletti, Lelio</subfield>
  </datafield>
  <datafield tag="791" ind1="0" ind2="0">
    <subfield code="a">Barilettus, Lelius</subfield>
    <subfield code="3">IT\ICCU\CNCT\004299</subfield>
    <subfield code="z">Bariletti, Lelio</subfield>
  </datafield>
  <datafield tag="801" ind1=" " ind2="3">
    <subfield code="a">IT</subfield>
    <subfield code="b">ICCU</subfield>
    <subfield code="c">20201115</subfield>
  </datafield>
  <datafield tag="899" ind1=" " ind2=" ">
    <subfield code="a">Biblioteca provinciale Scipione e Giulio Capone. Avellino</subfield>
    <subfield code="1">AV0007</subfield>
    <subfield code="2">NAP AV</subfield>
  </datafield>
  <datafield tag="899" ind1=" " ind2=" ">
    <subfield code="a">Biblioteca Angelica. Roma</subfield>
    <subfield code="1">RM0290</subfield>
    <subfield code="2">RML 06</subfield>
  </datafield>
  <datafield tag="899" ind1=" " ind2=" ">
    <subfield code="a">Biblioteca nazionale Marciana. Venezia</subfield>
    <subfield code="1">VE0049</subfield>
    <subfield code="2">VEA BM</subfield>
  </datafield>
  <datafield tag="911" ind1=" " ind2=" ">
    <subfield code="a">Sul front. e in fine</subfield>
    <subfield code="9">IT\ICCU\CNCM\000454</subfield>
  </datafield>
  <datafield tag="921" ind1=" " ind2=" ">
    <subfield code="a">IT\ICCU\CNCM\000454</subfield>
    <subfield code="b">Prudenza (donna che si riflette in uno specchio).</subfield>
    <subfield code="e">Prudentia negotia non fortuna ducat.</subfield>
    <subfield code="c">A139</subfield>
    <subfield code="c">V267</subfield>
    <subfield code="c">Z985</subfield>
    <subfield code="d">Dimensioni: 6,2 x 7,5</subfield>
    <subfield code="f">DONNA</subfield>
    <subfield code="f">PRUDENTIAN</subfield>
    <subfield code="f">PRUDENZA</subfield>
    <subfield code="f">SPECCHIO</subfield>
    <subfield code="g">1550-1590</subfield>
  </datafield>
</record>
</collection>
